@article{enikolopov2013field,
  title={Field experiment estimate of electoral fraud in Russian parliamentary elections},
  author={Enikolopov, Ruben and Korovkin, Vasily and Petrova, Maria and Sonin, Konstantin and Zakharov, Alexei},
  journal={Proceedings of the National Academy of Sciences},
  volume={110},
  number={2},
  pages={448--452},
  year={2013},
  publisher={National Acad Sciences}
}

@article{chyn2018moved,
  title={Moved to opportunity: The long-run effects of public housing demolition on children},
  author={Chyn, Eric},
  journal={American Economic Review},
  volume={108},
  number={10},
  pages={3028--56},
  year={2018}
}

@article{rubin1978bayesian,
  title={Bayesian inference for causal effects: The role of randomization},
  author={Rubin, Donald B},
  journal={The Annals of statistics},
  pages={34--58},
  year={1978},
  publisher={JSTOR}
}

@book{angrist2008mostly,
  title={Mostly harmless econometrics: An empiricist's companion},
  author={Angrist, Joshua D and Pischke, J{\"o}rn-Steffen},
  year={2008},
  publisher={Princeton university press}
}

@book{imbens2015causal,
  title={Causal inference in statistics, social, and biomedical sciences},
  author={Imbens, Guido W and Rubin, Donald B},
  year={2015},
  publisher={Cambridge University Press}
}

@article{pons2018will,
  title={Will a five-minute discussion change your mind? A countrywide experiment on voter choice in France},
  author={Pons, Vincent},
  journal={American Economic Review},
  volume={108},
  number={6},
  pages={1322--63},
  year={2018}
}

@article{schweiger2018long,
  title={The long-run effects of R\&D place-based policies: evidence from Russian science cities},
  author={Schweiger, Helena and Stepanov, Alexander and Zacchia, Paolo},
  year={2018},
  publisher={EBRD Working Paper}
}

@article{barnard2003principal,
  title={Principal stratification approach to broken randomized experiments: A case study of school choice vouchers in New York City},
  author={Barnard, John and Frangakis, Constantine E and Hill, Jennifer L and Rubin, Donald B},
  journal={Journal of the American Statistical Association},
  volume={98},
  number={462},
  pages={299--323},
  year={2003},
  publisher={Taylor \& Francis}
}

@misc{enikolopov2009ecm,
  title={Эконометрический ликбез: эффекты воздействия},
  author={Ениколопов, Рубен},
  year={2009},
  publisher={Квантиль},
  url={http://quantile.ru/06/06-Literacy1.pdf}
}

@article{rosenbaum1983central,
  title={The central role of the propensity score in observational studies for causal effects},
  author={Rosenbaum, Paul R and Rubin, Donald B},
  journal={Biometrika},
  volume={70},
  number={1},
  pages={41--55},
  year={1983},
  publisher={Oxford University Press}
}